@book{IG,
  title={Deep learning},
  author={{I.Goodfellow, Y.Bengio and A.Courville}},
  year={2016},
  publisher={MIT press},
}
